@inproceedings{goodman2013principles,
  title={The principles and practice of probabilistic programming},
  author={Goodman, Noah D},
  booktitle={ACM SIGPLAN Notices},
  volume={48},
  number={1},
  pages={399--402},
  year={2013},
  organization={ACM}
}

@inproceedings{wingate2011lightweight,
  title={Lightweight implementations of probabilistic programming languages via transformational compilation},
  author={Wingate, David and Stuhlm{\"u}ller, Andreas and Goodman, Noah D},
  booktitle={International Conference on Artificial Intelligence and Statistics},
  pages={770--778},
  year={2011}
}

@inproceedings{wood2014new,
  title={A new approach to probabilistic programming inference},
  author={Wood, Frank and van de Meent, Jan Willem and Mansinghka, Vikash},
  booktitle={Proceedings of the 17th International conference on Artificial Intelligence and Statistics},
  year={2014}
}

@inproceedings{wingate2011nonstandard,
  title={Nonstandard Interpretations of Probabilistic Programs for Efficient Inference.},
  author={Wingate, David and Goodman, Noah D and Stuhlmueller, Andreas and Siskind, Jeffrey Mark},
  booktitle={NIPS},
  pages={1152--1160},
  year={2011}
}

@article{stuhlmuller2012dynamic,
  title={A dynamic programming algorithm for inference in recursive probabilistic programs},
  author={Stuhlm{\"u}ller, Andreas and Goodman, Noah D},
  journal={Statistical Relational AI workshop at UAI. 2012.},
  year={2012}
}

@article{lunn2009bugs,
  title={The BUGS project: Evolution, critique and future directions},
  author={Lunn, David and Spiegelhalter, David and Thomas, Andrew and Best, Nicky},
  journal={Statistics in medicine},
  volume={28},
  number={25},
  pages={3049--3067},
  year={2009},
  publisher={Wiley Online Library}
}

@article{yang2013incrementalizing,
  title={Incrementalizing mcmc on probabilistic programs through tracing and slicing},
  author={Yang, Lingfeng and Hanrahan, P and Goodman, N},
  journal={Under review},
  year={2013}
}

@article{mansinghka2014venture,
  title={Venture: a higher-order probabilistic programming platform with programmable inference},
  author={Mansinghka, Vikash and Selsam, Daniel and Perov, Yura},
  journal={arXiv preprint arXiv:1404.0099},
  year={2014}
}

@article{yeh2012synthesizing,
  title={Synthesizing open worlds with constraints using locally annealed reversible jump MCMC},
  author={Yeh, Yi-Ting and Yang, Lingfeng and Watson, Matthew and Goodman, Noah D and Hanrahan, Pat},
  journal={ACM Transactions on Graphics (TOG)},
  volume={31},
  number={4},
  pages={56},
  year={2012},
  publisher={ACM}
}

@inproceedings{roy2008stochastic,
  title={A stochastic programming perspective on nonparametric Bayes},
  author={Roy, DM and Mansinghka, VK and Goodman, ND and Tenenbaum, JB},
  booktitle={Nonparametric Bayesian Workshop, Int. Conf. on Machine Learning},
  volume={22},
  pages={26},
  year={2008}
}

@phdthesis{mansinghka2009natively,
  title={Natively probabilistic computation},
  author={Mansinghka, Vikash Kumar},
  year={2009},
  school={Massachusetts Institute of Technology}
}

@book{probMods,
  title={Probabilistic Models of Cognition},
  author={Goodman, ND and Tenenbaum, JB },
  year={2013},
  publisher={(electronic)}
}

@inproceedings{gerstenberg2012ping,
  title={Ping pong in Church: Productive use of concepts in human probabilistic inference},
  author={Gerstenberg, Tobias and Goodman, Noah D},
  booktitle={Proceedings of the 34th annual conference of the cognitive science society},
  year={2012}
}

@incollection{keith2008generalized,
  title={The generalized gibbs sampler and the neighborhood sampler},
  author={Keith, Jonathan and Sofronov, George and Kroese, Dirk},
  booktitle={Monte Carlo and Quasi-Monte Carlo Methods 2006},
  pages={537--547},
  year={2008},
  publisher={Springer}
}

@article{metropolis1953equation,
  title={Equation of state calculations by fast computing machines},
  author={Metropolis, Nicholas and Rosenbluth, Arianna W and Rosenbluth, Marshall N and Teller, Augusta H and Teller, Edward},
  journal={The journal of chemical physics},
  volume={21},
  number={6},
  pages={1087--1092},
  year={1953},
  publisher={AIP Publishing}
}

@article{hastings1970monte,
  title={Monte Carlo sampling methods using Markov chains and their applications},
  author={Hastings, W Keith},
  journal={Biometrika},
  volume={57},
  number={1},
  pages={97--109},
  year={1970},
  publisher={Biometrika Trust}
}

@article{lunn2000winbugs,
  title={WinBUGS-a Bayesian modelling framework: concepts, structure, and extensibility},
  author={Lunn, David J and Thomas, Andrew and Best, Nicky and Spiegelhalter, David},
  journal={Statistics and computing},
  volume={10},
  number={4},
  pages={325--337},
  year={2000},
  publisher={Springer}
}

@techreport{neal1993probabilistic,
  title={Probabilistic inference using Markov chain Monte Carlo methods},
  author={Neal, Radford M},
  year={1993},
  address={Department of Computer Science, University of Toronto Toronto, Ontario, Canada}
}

@book{mackay2003information,
  title={Information theory, inference and learning algorithms},
  author={MacKay, David JC},
  year={2003},
  publisher={Cambridge university press}
}

@article{neal2003slice,
  title={Slice sampling},
  author={Neal, Radford M},
  journal={Annals of statistics},
  pages={705--741},
  year={2003},
  publisher={JSTOR}
}

@article{green2009reversible,
  title={Reversible jump MCMC},
  author={Green, Peter J and Hastie, David I},
  journal={Genetics},
  volume={155},
  number={3},
  pages={1391--1403},
  year={2009}
}

@book{robert2004monte,
  title={Monte Carlo statistical methods},
  author={Robert, Christian P and Casella, George},
  volume={319},
  year={2004},
  publisher={Citeseer}
}

@article{massey1951kolmogorov,
  title={The Kolmogorov-Smirnov test for goodness of fit},
  author={Massey Jr, Frank J},
  journal={Journal of the American statistical Association},
  volume={46},
  number={253},
  pages={68--78},
  year={1951},
  publisher={Taylor \& Francis Group}
}

@article{kullback1951information,
  title={On information and sufficiency},
  author={Kullback, Solomon and Leibler, Richard A},
  journal={The Annals of Mathematical Statistics},
  pages={79--86},
  year={1951},
  publisher={JSTOR}
}

@article{goodman2013knowledge,
  title={Knowledge and implicature: Modeling language understanding as social cognition},
  author={Goodman, Noah D and Stuhlm{\"u}ller, Andreas},
  journal={Topics in cognitive science},
  volume={5},
  number={1},
  pages={173--184},
  year={2013},
  publisher={Wiley Online Library}
}

@article{frank2012predicting,
  title={Predicting pragmatic reasoning in language games},
  author={Frank, Michael C and Goodman, Noah D},
  journal={Science},
  volume={336},
  number={6084},
  pages={998--998},
  year={2012},
  publisher={American Association for the Advancement of Science}
}

@inproceedings{jones1989probabilistic,
  title={A probabilistic powerdomain of evaluations},
  author={Jones, Claire and Plotkin, Gordon D},
  booktitle={Logic in Computer Science, 1989. LICS'89, Proceedings., Fourth Annual Symposium on},
  pages={186--195},
  year={1989},
  organization={IEEE}
}

@incollection{poole2008independent,
  title={The independent choice logic and beyond},
  author={Poole, David},
  booktitle={Probabilistic inductive logic programming},
  pages={222--243},
  year={2008},
  publisher={Springer}
}

@inproceedings{sato1997prism,
  title={PRISM: a language for symbolic-statistical modeling},
  author={Sato, Taisuke and Kameya, Yoshitaka},
  booktitle={IJCAI},
  volume={97},
  pages={1330--1339},
  year={1997},
  organization={Citeseer}
}

@book{de2008probabilistic,
  title={Probabilistic inductive logic programming},
  author={De Raedt, Luc and Kersting, Kristian},
  year={2008},
  publisher={Springer}
}

@article{kimmig2011implementation,
  title={On the implementation of the probabilistic logic programming language ProbLog},
  author={Kimmig, Angelika and Demoen, Bart and De Raedt, Luc and Costa, Vitor Santos and Rocha, Ricardo},
  journal={Theory and Practice of Logic Programming},
  volume={11},
  number={2-3},
  pages={235--262},
  year={2011},
  publisher={Cambridge Univ Press}
}

@article{milch20071,
  title={BLOG: Probabilistic Models with Unknown Objects},
  author={Milch, Brian and Marthi, Bhaskara and Russell, Stuart and Sontag, David and Ong, Daniel L and Kolobov, Andrey},
  journal={Statistical relational learning},
  pages={373},
  year={2007}
}

@inproceedings{pfeffer2001ibal,
  title={IBAL: A probabilistic rational programming language},
  author={Pfeffer, Avi},
  booktitle={IJCAI},
  pages={733--740},
  year={2001},
  organization={Citeseer}
}

@article{pfeffer2009figaro,
  title={Figaro: An object-oriented probabilistic programming language},
  author={Pfeffer, Avi},
  journal={Charles River Analytics Technical Report},
  pages={137},
  year={2009}
}

@inproceedings{goodman2008church,
  title={Church: A language for generative models},
  author={Goodman, Noah D and Mansinghka, Vikash K and Roy, Daniel M and Bonawitz, Keith and Tenenbaum, Joshua B},
  booktitle={In Uncertainty in Artificial Intelligence},
  year={2008}
}

@misc{minkainfer,
  title= {Infer .NET 2.4, 2010. Microsoft Research Cambridge},
  author= {Minka, Tom and Winn, John and Guiver, John and Knowles, David},
  howpublished = {\url{http://research.microsoft.com/infernet/}}
}

@article{abelson1991revised,
  title={Revised report on the algorithmic language scheme},
  author={Abelson, Harold and Dybvig, RK and Haynes, CT and Rozas, GJ and Adams IV, NI and Friedman, DP and Kohlbecker, E and Steele Jr, GL and Bartley, DH and Halstead, R and others},
  journal={ACM SIGPLAN Lisp Pointers},
  volume={4},
  number={3},
  pages={1--55},
  year={1991},
  publisher={ACM}
}

@inproceedings{kiselyov2009embedded,
  title={Embedded probabilistic programming},
  author={Kiselyov, Oleg and Shan, Chung-chieh},
  booktitle={Domain-Specific Languages},
  pages={360--384},
  year={2009},
  organization={Springer}
}

@misc{stan-software:2014,
  author = {{Stan Development Team}},
  year = {2014},
  title = {Stan: A C++ Library for Probability and Sampling,
           Version 2.2},
  howpublished ={\url{http://mc-stan.org/}}
}

@inproceedings{mccallum2009factorie,
  title={FACTORIE: Probabilistic Programming via Imperatively Defined Factor Graphs.},
  author={McCallum, Andrew and Schultz, Karl and Singh, Sameer},
  booktitle={NIPS},
  pages={1249--1257},
  year={2009}
}

@article{richardson2006markov,
  title={Markov logic networks},
  author={Richardson, Matthew and Domingos, Pedro},
  journal={Machine learning},
  volume={62},
  number={1-2},
  pages={107--136},
  year={2006},
  publisher={Springer}
}

@MISC{ppw,
title =         {Probabilistic Programming Wiki},
year =          {2014},
howpublished=   {\url{http://probabilistic-programming.org/}}
}

@MISC{webChurch,
author =        {Goodman, Noah},
title =         {WebChurch},
howpublished=   {\url{https://github.com/probmods/webchurch}}
}

@MISC{TdfBugsRepo,
author =        {OpenBUGS Model Repository},
title =         {Tdf Models},
howpublished=   {\url{http://www.openbugs.net/Examples/t-df.html}}
}

@MISC{bugsOverview,
author =        {Neal, Thomas},
title =         {OpenBUGS Overview},
year =          {2010},
howpublished=   {\url{http://www.openbugs.net/w/Overview}}
}

@MISC{stocPy,
author =        {Ranca, Razvan},
title =         {Stochastic Python},
year =          {2014},
howpublished=   {\url{https://github.com/RazvanRanca/StocPy}}
}

@MISC{ppaml,
author =        {DARPA},
title =         {Probabilistic Programming for Advancing Machine Learning},
year =          {2013},
howpublished=   {\url{http://www.darpa.mil/Our_Work/I2O/Programs/Probabilistic_Programming_for_Advanced_Machine_Learning_\%28PPAML\%29.aspx}}
}
